@article{killoran2017generating,
  title={Generating and designing DNA with deep generative models},
  author={Killoran, Nathan and Lee, Leo J and Delong, Andrew and Duvenaud, David and Frey, Brendan J},
  journal={arXiv preprint arXiv:1712.06148},
  year={2017}
}

@inproceedings{gulrajani2017improved,
  title={Improved training of wasserstein gans},
  author={Gulrajani, Ishaan and Ahmed, Faruk and Arjovsky, Martin and Dumoulin, Vincent and Courville, Aaron C},
  booktitle={Advances in neural information processing systems},
  pages={5767--5777},
  year={2017}
}

@article{arjovsky2017wasserstein,
  title={Wasserstein gan},
  author={Arjovsky, Martin and Chintala, Soumith and Bottou, L{\'e}on},
  journal={arXiv preprint arXiv:1701.07875},
  year={2017}
}

@inproceedings{goodfellow2014generative,
  title={Generative adversarial nets},
  author={Goodfellow, Ian and Pouget-Abadie, Jean and Mirza, Mehdi and Xu, Bing and Warde-Farley, David and Ozair, Sherjil and Courville, Aaron and Bengio, Yoshua},
  booktitle={Advances in neural information processing systems},
  pages={2672--2680},
  year={2014}
}

@article{aziz2019privacy,
  title={Privacy-preserving techniques of genomic dataâ€”a survey},
  author={Aziz, Md Momin Al and Sadat, Md Nazmus and Alhadidi, Dima and Wang, Shuang and Jiang, Xiaoqian and Brown, Cheryl L and Mohammed, Noman},
  journal={Briefings in bioinformatics},
  volume={20},
  number={3},
  pages={887--895},
  year={2019},
  publisher={Oxford University Press}
}

@article{chen2018differentially,
  title={Differentially private data generative models},
  author={Chen, Qingrong and Xiang, Chong and Xue, Minhui and Li, Bo and Borisov, Nikita and Kaarfar, Dali and Zhu, Haojin},
  journal={arXiv preprint arXiv:1812.02274},
  year={2018}
}

@article{erlich2014routes,
  title={Routes for breaching and protecting genetic privacy},
  author={Erlich, Yaniv and Narayanan, Arvind},
  journal={Nature Reviews Genetics},
  volume={15},
  number={6},
  pages={409--421},
  year={2014},
  publisher={Nature Publishing Group}
}

@article{yelmen2019creating,
  title={Creating Artificial Human Genomes Using Generative Models},
  author={Yelmen, Burak and Decelle, Aur{\'e}lien and Ongaro, Linda and Marnetto, Davide and Montinaro, Francesco and Furtlehner, Cyril and Pagani, Luca and Jay, Flora},
  year={2019}
}

@article{cock2009biopython,
  title={Biopython: freely available Python tools for computational molecular biology and bioinformatics},
  author={Cock, Peter JA and Antao, Tiago and Chang, Jeffrey T and Chapman, Brad A and Cox, Cymon J and Dalke, Andrew and Friedberg, Iddo and Hamelryck, Thomas and Kauff, Frank and Wilczynski, Bartek and others},
  journal={Bioinformatics},
  volume={25},
  number={11},
  pages={1422--1423},
  year={2009},
  publisher={Oxford University Press}
}

@misc{miles2017scikit,
  title={scikit-allel: A Python package for exploring and analysing genetic variation data},
  author={Miles, Alistair and Harding, NJ},
  year={2017}
}


@inproceedings{paszke2019pytorch,
  title={Pytorch: An imperative style, high-performance deep learning library},
  author={Paszke, Adam and Gross, Sam and Massa, Francisco and Lerer, Adam and Bradbury, James and Chanan, Gregory and Killeen, Trevor and Lin, Zeming and Gimelshein, Natalia and Antiga, Luca and others},
  booktitle={Advances in neural information processing systems},
  pages={8026--8037},
  year={2019}
}

@article{fischer2014training,
  title={Training restricted Boltzmann machines: An introduction},
  author={Fischer, Asja and Igel, Christian},
  journal={Pattern Recognition},
  volume={47},
  number={1},
  pages={25--39},
  year={2014},
  publisher={Elsevier}
}