@article{hofmann1998statistical,
  title={Statistical models for co-occurrence data},
  author={Hofmann, Thomas and Puzicha, Jan},
  year={1998}
}

@book{wasserman2013all,
  title={All of statistics: a concise course in statistical inference},
  author={Wasserman, Larry},
  year={2013},
  publisher={Springer Science \& Business Media}
}

@article{li2003modeling,
  title={Modeling linkage disequilibrium and identifying recombination hotspots using single-nucleotide polymorphism data},
  author={Li, Na and Stephens, Matthew},
  journal={Genetics},
  volume={165},
  number={4},
  pages={2213--2233},
  year={2003},
  publisher={Oxford University Press}
}